<record><leader>00000cas a22000007a 4500</leader><controlfield tag="001">21170164</controlfield><controlfield tag="008">900305d18761877pauwr ne      0    0eng d</controlfield><datafield ind1=" " ind2=" " tag="010"><subfield code="a">sn 90069173 </subfield></datafield><datafield ind1=" " ind2=" " tag="040"><subfield code="a">NPH</subfield><subfield code="b">eng</subfield><subfield code="c">NPH</subfield><subfield code="d">OCLCQ</subfield></datafield><datafield ind1=" " ind2=" " tag="042"><subfield code="a">msc</subfield></datafield><datafield ind1="0" ind2="0" tag="245"><subfield code="a">Centennial register.</subfield></datafield><datafield ind1="1" ind2="3" tag="246"><subfield code="a">Register</subfield></datafield><datafield ind1=" " ind2=" " tag="260"><subfield code="a">Chambersburg, Pa. :</subfield><subfield code="b">J.G. Schaff,</subfield><subfield code="c">1876-1877.</subfield></datafield><datafield ind1=" " ind2=" " tag="300"><subfield code="a">v. :</subfield><subfield code="b">ill. (chiefly advertisements) ;</subfield><subfield code="c">55 cm.</subfield></datafield><datafield ind1=" " ind2=" " tag="310"><subfield code="a">Weekly</subfield></datafield><datafield ind1="0" ind2=" " tag="362"><subfield code="a">Vol. 1, no. 1 (Jan. 5, 1876)- v. 2, no. 13 (Mar. 30, 1877).</subfield></datafield><datafield ind1=" " ind2=" " tag="752"><subfield code="a">United States</subfield><subfield code="b">Pennsylvania</subfield><subfield code="c">Franklin</subfield><subfield code="d">Chambersburg.</subfield></datafield><datafield ind1="0" ind2="0" tag="785"><subfield code="t">People's register</subfield><subfield code="w">(DLC)sn 86081587</subfield></datafield></record>